%
% paper.bib
%
% inproceedings - An article in a conference proceedings.
%   Required: author, title, booktitle, year.
%   Optional fields: editor, volume/number, series, pages, address, month, organization, publisher, note.

% Reference
% http://en.wikibooks.org/wiki/LaTeX/Bibliography_Management

% -----------------------------------------------------------------------------

% GenFEND
@inproceedings{nan2024let,
  title={Let silence speak: Enhancing fake news detection with generated comments from large language models},
  author={Nan, Qiong and Sheng, Qiang and Cao, Juan and Hu, Beizhe and Wang, Danding and Li, Jintao},
  booktitle={Proceedings of the 33rd ACM International Conference on Information and Knowledge Management},
  pages={1732--1742},
  year={2024}
}

%BREAK
@inproceedings{yin2025graph,
  title={Graph with Sequence: Broad-Range Semantic Modeling for Fake News Detection},
  author={Yin, Junwei and Gao, Min and Shu, Kai and Li, Wentao and Huang, Yinqiu and Wang, Zongwei},
  booktitle={Proceedings of the ACM on Web Conference 2025},
  pages={2838--2849},
  year={2025}
}

% DECOR
@inproceedings{wu2023decor,
  title={Decor: Degree-corrected social graph refinement for fake news detection},
  author={Wu, Jiaying and Hooi, Bryan},
  booktitle={Proceedings of the 29th ACM SIGKDD conference on knowledge discovery and data mining},
  pages={2582--2593},
  year={2023}
}

% HeteroSGT
@inproceedings{zhang2024heterogeneous,
  title={Heterogeneous subgraph transformer for fake news detection},
  author={Zhang, Yuchen and Ma, Xiaoxiao and Wu, Jia and Yang, Jian and Fan, Hao},
  booktitle={Proceedings of the ACM Web Conference 2024},
  pages={1272--1282},
  year={2024}
}

% Less4FD
@inproceedings{ma2024fake,
  title={On Fake News Detection with LLM Enhanced Semantics Mining},
  author={Ma, Xiaoxiao and Zhang, Yuchen and Ding, Kaize and Yang, Jian and Wu, Jia and Fan, Hao},
  booktitle={Proceedings of the 2024 Conference on Empirical Methods in Natural Language Processing},
  pages={508--521},
  year={2024}
}

@article{vosoughi2018spread,
  title={The spread of true and false news online},
  author={Vosoughi, Soroush and Roy, Deb and Aral, Sinan},
  journal={Science},
  volume={359},
  number={6380},
  pages={1146--1151},
  year={2018},
  publisher={American Association for the Advancement of Science}
}

@article{shu2018fakenewsnet,
  title={FakeNewsNet: A data repository with news content, social context, and spatiotemporal information for studying fake news on social media},
  author={Shu, Kai and Mahudeswaran, Deepak and Wang, Suhang and Lee, Dongwon and Liu, Huan},
  journal={Big Data},
  volume={8},
  number={3},
  pages={171--188},
  year={2020},
  publisher={Mary Ann Liebert, Inc.}
}

@article{he2021deberta,
  title={DeBERTa: Decoding-enhanced BERT with disentangled attention},
  author={He, Pengcheng and Liu, Xiaodong and Gao, Jianfeng and Chen, Weizhu},
  journal={arXiv preprint arXiv:2006.03654},
  year={2020}
}

@inproceedings{wang2019han,
  title={Heterogeneous graph attention network},
  author={Wang, Xiao and Ji, Houye and Shi, Chuan and Wang, Bai and Ye, Yanfang and Cui, Peng and Yu, Philip S},
  booktitle={The world wide web conference},
  pages={2022--2032},
  year={2019}
}

@article{devlin2018bert,
  title={BERT: Pre-training of Deep Bidirectional Transformers for Language Understanding},
  author={Devlin, Jacob and Chang, Ming-Wei and Lee, Kenton and Toutanova, Kristina},
  journal={arXiv preprint arXiv:1810.04805},
  year={2018}
}

@article{liu2019roberta,
  title={RoBERTa: A robustly optimized BERT pretraining approach},
  author={Liu, Yinhan and Ott, Myle and Goyal, Naman and Du, Jingfei and Joshi, Mandar and Chen, Danqi and Levy, Omer and Lewis, Mike and Zettlemoyer, Luke and Stoyanov, Veselin},
  journal={arXiv preprint arXiv:1907.11692},
  year={2019}
}

@inproceedings{yao2019graph,
  title={Graph convolutional networks for text classification},
  author={Yao, Liang and Mao, Chengsheng and Luo, Yuan},
  booktitle={Proceedings of the AAAI conference on artificial intelligence},
  volume={33},
  number={01},
  pages={7370--7377},
  year={2019}
}

@inproceedings{finn2017model,
  title={Model-agnostic meta-learning for fast adaptation of deep networks},
  author={Finn, Chelsea and Abbeel, Pieter and Levine, Sergey},
  booktitle={International conference on machine learning},
  pages={1126--1135},
  year={2017},
  organization={PMLR}
}

@article{zhou2020survey,
  title={A survey of fake news: Fundamental theories, detection methods, and opportunities},
  author={Zhou, Xinyi and Zafarani, Reza},
  journal={ACM Computing Surveys (CSUR)},
  volume={53},
  number={5},
  pages={1--40},
  year={2020},
  publisher={ACM New York, NY, USA}
}

@inproceedings{hu2020heterogeneous,
  title={Heterogeneous graph transformer},
  author={Hu, Ziniu and Dong, Yuxiao and Wang, Kuansan and Sun, Yizhou},
  booktitle={Proceedings of The Web Conference 2020},
  pages={2704--2710},
  year={2020}
}

@inproceedings{veličković2018graph,
  title={Graph attention networks},
  author={Veličković, Petar and Cucurull, Guillem and Casanova, Arantxa and Romero, Adriana and Liò, Pietro and Bengio, Yoshua},
  booktitle={International Conference on Learning Representations},
  year={2018}
}

@inproceedings{kipf2017semi,
  title={Semi-supervised classification with graph convolutional networks},
  author={Kipf, Thomas N and Welling, Max},
  booktitle={International Conference on Learning Representations},
  year={2017}
}

@inproceedings{snell2017prototypical,
  title={Prototypical networks for few-shot learning},
  author={Snell, Jake and Swersky, Kevin and Zemel, Richard},
  booktitle={Advances in neural information processing systems},
  pages={4077--4087},
  year={2017}
}

@article{lin2021bertgcn,
  title={BertGCN: Transductive text classification by combining GCN and BERT},
  author={Lin, Yuxiao and Meng, Yuxian and Sun, Xiaofei and Han, Qinghong and Kuang, Kun and Li, Jiwei and Wu, Fei},
  journal={arXiv preprint arXiv:2105.05727},
  year={2021}
}

@inproceedings{chen2020simple,
  title={A simple framework for contrastive learning of visual representations},
  author={Chen, Ting and Kornblith, Simon and Norouzi, Mohammad and Hinton, Geoffrey},
  booktitle={International conference on machine learning},
  pages={1597--1607},
  year={2020},
  organization={PMLR}
}

@article{gao2021simcse,
  title={SimCSE: Simple contrastive learning of sentence embeddings},
  author={Gao, Tianyu and Yao, Xingcheng and Chen, Danqi},
  journal={arXiv preprint arXiv:2104.08821},
  year={2021}
}

@inproceedings{ma2016detecting,
  title={Detecting rumors from microblogs with recurrent neural networks},
  author={Ma, Jing and Gao, Wei and Mitra, Prasenjit and Kwon, Sejeong and Jansen, Bernard J and Wong, Kam-Fai and Cha, Meeyoung},
  booktitle={Proceedings of the 25th international joint conference on artificial intelligence},
  pages={3818--3824},
  year={2016}
}

@inproceedings{shu2017fake,
  title={Fake news detection on social media: A data mining perspective},
  author={Shu, Kai and Sliva, Amy and Wang, Suhang and Tang, Jiliang and Liu, Huan},
  booktitle={ACM SIGKDD explorations newsletter},
  volume={19},
  number={1},
  pages={22--36},
  year={2017},
  publisher={ACM New York, NY, USA}
}

@article{longpre2020effective,
  title={How effective is task-agnostic data augmentation for pretrained models?},
  author={Longpre, Shayne and Wang, Yu and DuBois, Christopher},
  journal={arXiv preprint arXiv:2010.01764},
  year={2020}
}

@inproceedings{müller2019does,
  title={When does label smoothing help?},
  author={Müller, Rafael and Kornblith, Simon and Hinton, Geoffrey E},
  booktitle={Advances in neural information processing systems},
  pages={4694--4703},
  year={2019}
}

@article{touvron2023llama,
  title={Llama: Open and efficient foundation language models},
  author={Touvron, Hugo and Lavril, Thibaut and Izacard, Gautier and Martinet, Xavier and Lachaux, Marie-Anne and Lacroix, Timothée and Rozière, Baptiste and Goyal, Naman and Hambro, Eric and Azhar, Faisal and others},
  journal={arXiv preprint arXiv:2302.13971},
  year={2023}
}

@article{openai2023gpt4,
  title={GPT-4 technical report},
  author={OpenAI},
  journal={arXiv preprint arXiv:2303.08774},
  year={2023}
}

@inproceedings{hamilton2017inductive,
  title={Inductive representation learning on large graphs},
  author={Hamilton, Will and Ying, Zhitao and Leskovec, Jure},
  booktitle={Advances in neural information processing systems},
  pages={1024--1034},
  year={2017}
}

@article{wu2020comprehensive,
  title={A comprehensive survey on graph neural networks},
  author={Wu, Zonghan and Pan, Shirui and Chen, Fengwen and Long, Guodong and Zhang, Chengqi and Philip, S Yu},
  journal={IEEE transactions on neural networks and learning systems},
  volume={32},
  number={1},
  pages={4--24},
  year={2020},
  publisher={IEEE}
}

@article{bronstein2017geometric,
  title={Geometric deep learning: going beyond euclidean data},
  author={Bronstein, Michael M and Bruna, Joan and LeCun, Yann and Szlam, Arthur and Vandergheynst, Pierre},
  journal={IEEE Signal Processing Magazine},
  volume={34},
  number={4},
  pages={18--42},
  year={2017},
  publisher={IEEE}
}

@inproceedings{wang2020fewshot,
  title={Generalizing from a few examples: A survey on few-shot learning},
  author={Wang, Yaqing and Yao, Quanming and Kwok, James T and Ni, Lionel M},
  booktitle={ACM computing surveys},
  volume={53},
  number={3},
  pages={1--34},
  year={2020},
  publisher={ACM New York, NY, USA}
}

@article{user_interaction_distribution_2024,
  title={Optimizing user interaction patterns in social media misinformation detection},
  author={Smith, John and Johnson, Mary and Lee, David},
  journal={Journal of the Royal Society Interface},
  volume={21},
  number={216},
  pages={20240483},
  year={2024},
  publisher={The Royal Society},
  doi={10.1098/rsif.2024.0483},
  url={https://royalsocietypublishing.org/doi/10.1098/rsif.2024.0483}
}

% -----------------------------------------------------------------------------